@article{ K06,
          title      =   {Kwalify},
          note       =   {{Available} at http://www.kuwata-lab.com/kwalify/}
}

@article{ OCI10,
          author  =   {Oren Ben-Kiki and Clark Evans and Ingy döt Net},
          title       =   {{YAML} Ain\'t Markup Language ({YAML}) Version 1.2, 3rd Edition},
          month  =  {January},
          year = {2010},
          note     =   {{Available} at http://www.yaml.org/spec/1.2/spec.html}
}

@article{ YXPYY06,
	  author     =   {Yiliang Han and Xiaoyuan Yang and Ping Wei and Yuming Wang and Yupu Hu},
	  title      =   {{ECGSC}: Elliptic Curve Based Generalized Signcryption},
          journal    =   {Lecture Notes in Computer Science},
 	  year       =   {2006},
          volume = {4159},
          pages = {956 -- 965},
          publisher = {Springer-Verlag Berlin Heidelberg}, 	
}


@article{ AV06,
          author  =   {Tim Bray and Jean Paoli and Sperberg-McQueen and Eve Maler and François Yergeau},
          title      =   {Attribute-Value Normalization},
          month  =  {November},
          year = {2008},          
          note       =  {{W3C Recommendation. Available} at  http://www.w3.org/TR/REC-xml/#AVNormalize}
}

@article{GJDS07,
 author = {Greg White and Jaakko Kangasharju and Don Brutzman and Stephen Williams},
 title = {Efficient {XML} Interchange Measurements Note},
 year = {2007},
 month = {July},
 note = {{Available} at http://www.w3.org/TR/exi-measurements/}
 }

@MISC{SP00,
  author = { Sravanthi Lanka and Pareena Parikh },
  title = { {XML} Shredding },
  month = {November},
  year = {2000},
  address = { Midterm Project, New York University, Courant } 
}

@MISC{WC03,
  author = { Wendy Chou },
  title = { Elliptic Curve Cryptography and Its Applications to Mobile Devices },
  year = {2003},
  address = { Tech. Rep., University of Maryland, College Park, Maryland } 
}

@INPROCEEDINGS{NSAN03,
author={Potlapally, N.R. and Ravi, S. and Raghunathan, A. and Jha, N.K.},
booktitle={ISLPED '03: Proceedings of the 2003 International Symposium on Low Power Electronics and Design}, 
title={Analyzing the energy consumption of security protocols},
year={2003},
month=aug.,
volume={},
number={},
pages={ 30 - 35},
keywords={ Linux; OpenSSL; PC-based data acquisition system; SSL transport-layer security protocol; Secure Sockets Layer; authentication mechanisms; battery life constraint; battery powered embedded systems; cipher modes; cipher strength; cipher suites; cryptographic algorithm level parameters; cryptographic algorithms; energy consumption; energy efficient security; energy requirements; iPAQ PDA; measurement-based testbed; parametrizable SSL client/server test programs; protocol level parameters; real-time current measurement; secure data transactions; security mechanisms; security protocols; transaction sizes; wired Internet; wireless LAN; wireless data applications; cells (electric); cryptography; data acquisition; data communication; mobile computing; notebook computers; operating systems (computers); power supplies to apparatus; protocols; real-time systems; telecommunication security; wireless LAN;},
doi={10.1109/LP}
}


@article{YZ97,
    author = {Yuliang Zheng},
    title = {Digital Signcryption or How to Achieve Cost (Signature {\&} Encryption) {$<<$} Cost(Signature) $+$ Cost(Encryption)},
    journal = {Lecture Notes in Computer Science},
    volume = {1294},
    pages = {165--179},
    year = {1997},
    note = { {Available} at citeseer.ist.psu.edu/zheng97digital.html}
}



@techreport{ JM09,
	  author     =   {Johnson and Menezes},
	  title      =   {The Elliptic Curve Digital Signature Algorithm ({ECDSA})},
	  year       =   {1999},	  
          month  = {August},
          institution =  {Technical report CORR 99-34, Department of C\&O, University of Waterloo, 1999}
}


@article{MS10,
 author = {Murat G\"{o}ksedef and \c{S}ule G\"{u}nd\"{u}z-\"{O}\u{g}\"{u}d\"{u}c\"{u}},
 title = {Combination of Web page recommender systems},
 journal = {Expert Systems with Applications},
 volume = {37},
 number = {4},
 year = {2010},
 issn = {0957-4174},
 pages = {2911--2922},
 doi = {http://dx.doi.org/10.1016/j.eswa.2009.09.046},
 publisher = {Pergamon Press, Inc.},
 address = {Tarrytown, NY, USA}
 }

@inproceedings{AMXRQSK10,
 author = {Aaron Beach and Mike Gartrell and Xinyu Xing and Richard Han  and Qin Lv and Shivakant Mishra  and Karim Seada},
 title = {Fusing mobile, sensor, and social data to fully enable context-aware computing},
 booktitle = {HotMobile '10: Proceedings of the Eleventh Workshop on Mobile Computing Systems \&\#38; Applications},
 year = {2010},
 isbn = {978-1-4503-0005-6},
 pages = {60--65},
 location = {Annapolis, Maryland},
 doi = {http://doi.acm.org/10.1145/1734583.1734599},
 publisher = {ACM},
 address = {New York, NY, USA}
 }

@book{MDCDTJS02,
 author = {Ron Schmelzer and Travis VanDersypen},
 title = {{XML} and Web Services Unleashed},
 year = {2002},
 isbn = {0672323419},
 publisher = {Sams},
 address = {Indianapolis, IN, USA}
} 

@book{EH03,
 author = {Harold Rusty Elliotte},
 title = {XML Bible},
 year = {2003},
 isbn = {0764548190},
 publisher = {John Wiley \& Sons, Inc.},
 address = {New York, NY, USA}
} 
